<collection xmlns="http://www.loc.gov/MARC21/slim">
<record>
  <leader>00950nam0a2200217 i 450 </leader>
  <controlfield tag="001">IT\ICCU\CNCE\040071</controlfield>
  <controlfield tag="005">20120810000000.0</controlfield>
  <datafield tag="012" ind1=" " ind2=" ">
    <subfield code="a">      </subfield>
    <subfield code="2">fei</subfield>
    <subfield code="9">INR</subfield>
  </datafield>
  <datafield tag="100" ind1=" " ind2=" ">
    <subfield code="a">19981103d1598        0itac0103    ba</subfield>
  </datafield>
  <datafield tag="101" ind1=" " ind2=" ">
    <subfield code="a">ITA</subfield>
  </datafield>
  <datafield tag="102" ind1=" " ind2=" ">
    <subfield code="a">IT</subfield>
  </datafield>
  <datafield tag="200" ind1="1" ind2=" ">
    <subfield code="a">Libro chiamato Falconetto. Nel quale si contiene le grandissime prodezze, fatte contra li paladini di Francia; et del successo della sua morte; cosa molto diletteuole da leggere</subfield>
  </datafield>
  <datafield tag="210" ind1=" " ind2=" ">
    <subfield code="a">In Venetia</subfield>
    <subfield code="c">appresso Agostin Zoppini</subfield>
    <subfield code="d">&amp; nepoti</subfield>
    <subfield code="d">1598</subfield>
  </datafield>
  <datafield tag="215" ind1=" " ind2=" ">
    <subfield code="a">\48! c.</subfield>
    <subfield code="c">ill.</subfield>
    <subfield code="d">8ʻ</subfield>
  </datafield>
  <datafield tag="500" ind1="1" ind2="1">
    <subfield code="3">IT\ICCU\CNCE\018513</subfield>
    <subfield code="a">Falconetto</subfield>
  </datafield>
  <datafield tag="620" ind1=" " ind2=" ">
    <subfield code="a">IT</subfield>
    <subfield code="d">Venezia</subfield>
  </datafield>
  <datafield tag="712" ind1="0" ind2="0">
    <subfield code="a">Zoppini, Agostino &amp; nipoti</subfield>
    <subfield code="3">IT\ICCU\CNCT\000447</subfield>
    <subfield code="4">650</subfield>
  </datafield>
  <datafield tag="791" ind1="0" ind2="0">
    <subfield code="a">Zoppino, Agostino &amp; nipoti</subfield>
    <subfield code="3">IT\ICCU\CNCT\005835</subfield>
    <subfield code="z">Zoppini, Agostino &amp; nipoti</subfield>
  </datafield>
  <datafield tag="791" ind1="0" ind2="0">
    <subfield code="a">Zopini, Agostino &amp; nipoti</subfield>
    <subfield code="3">IT\ICCU\CNCT\005836</subfield>
    <subfield code="z">Zoppini, Agostino &amp; nipoti</subfield>
  </datafield>
  <datafield tag="801" ind1=" " ind2="3">
    <subfield code="a">IT</subfield>
    <subfield code="b">ICCU</subfield>
    <subfield code="c">20201114</subfield>
  </datafield>
  <datafield tag="899" ind1=" " ind2=" ">
    <subfield code="a">Biblioteca comunale Ariostea. Ferrara</subfield>
    <subfield code="z">MUTILO</subfield>
    <subfield code="1">FE0017</subfield>
    <subfield code="2">UFE AR</subfield>
  </datafield>
</record>
</collection>
